@article{Hu.1997,
author = {Hu, F.},
journal = {Canadian Journal of Statistics},
number = {1},
pages = {45--59},
title = {{The Asymptotic Properties of the Maximum-Relevance Weighted Likelihood Estimators}},
volume = {25},
year = {1997}
}
@misc{Patil.Rao.Zelen.2006,
author = {Patil, G. P. and Rao, C. R. and Zelen, Marvin},
booktitle = {Encyclopedia of Statistical Sciences},
pages = {1--6},
title = {{Weighted distributions}},
year = {2006}
}
@book{SAS.OnlineDoc.v8.2000,
address = {Cary, NC},
author = {{SAS Institute Inc.}},
booktitle = {SAS/STAT 9.2 Userâ€™s Guide},
chapter = {Ch61: The},
edition = {Version 8},
publisher = {SAS Institute Inc.},
title = {{SAS OnlineDoc}},
year = {2000}
}
@misc{Scott.Wurtz.Dong.2009,
author = {Scott, David J. and W\"{u}rtz, Diethelm and Dong, Christine},
booktitle = {UseR: The R User Conference 2009},
title = {{Software for Distributions in R}},
url = {https://www.rmetrics.org/files/Meielisalp2009/Presentations/Scott.pdf},
year = {2009}
}
@article{Hu.Zidek.2002,
author = {Hu, Feifang and Zidek, JV},
journal = {Canadian Journal of Statistics},
number = {3},
pages = {347--371},
title = {{The weighted likelihood}},
volume = {30},
year = {2002}
}
@article{Hazelton.Turlach.2008,
author = {Hazelton, Martin L. and Turlach, Berwin a.},
journal = {Statistics and Computing},
month = jul,
number = {3},
pages = {217--228},
title = {{Nonparametric density deconvolution by weighted kernel estimators}},
volume = {19},
year = {2008}
}
@phdthesis{Wang.2001,
author = {Wang, Steven Xiaogang},
school = {The University of British Columbia},
title = {{Maximum weighted likelihood estimation}},
year = {2001}
}
@misc{NIST/SEMATECH.2012,
author = {NIST/SEMATECH},
institution = {NIST/SEMATECH},
title = {{e-Handbook of Statistical Methods}},
year = {2012}
}
@manual{R.2014,
address = {Vienna, Austria},
author = {{R Core Team}},
organization = {R Foundation for Statistical Computing},
title = {{R: A Language and Environment for Statistical Computing}},
year = {2014}
}
@misc{Patil.Rao.Zelen.2006,
author = {Patil, G. P. and Rao, C. R. and Zelen, Marvin},
booktitle = {Encyclopedia of Statistical Sciences},
title = {{Weighted distributions}},
year = {2006}
}
@article{Williams.Ebel.Cao.2013,
author = {Williams, M S and Ebel, E D and Cao, Y},
journal = {Journal of applied microbiology},
month = jan,
number = {1},
pages = {152--60},
title = {{Fitting distributions to microbial contamination data collected with an unequal probability sampling design.}},
volume = {114},
year = {2013}
}
@book{Rao.2009,
author = {Rao, C Radhakrishna},
publisher = {John Wiley \& Sons},
title = {{Linear statistical inference and its applications}},
volume = {22},
year = {2009}
}
@incollection{Patil.2002,
address = {Chichester},
author = {Patil, G P},
booktitle = {Encyclopedia of Environmetrics},
chapter = {Volume 4},
editor = {El-shaarawi, Abdel H and Piegorsch, Walter W},
pages = {2369--2377},
publisher = {John Wiley \& Sons, Ltd},
title = {{Weighted distributions}},
volume = {4},
year = {2002}
}
@manual{Dutang.2014,
author = {Dutang, Christophe},
month = mar,
title = {{CRAN Task View: Probability Distributions}},
year = {2014}
}
@book{Fuller.2009,
address = {Hoboken, NJ, USA},
author = {Fuller, Wayne A.},
month = jul,
publisher = {John Wiley \& Sons, Inc.},
title = {{Sampling Statistics}},
year = {2009}
}
@phdthesis{Hu.1994,
author = {Hu, Feifang},
number = {October},
school = {The University of British Columbia},
title = {{Relevance weighted smoothing and a new bootstrap method}},
year = {1994}
}
@article{Hazelton.Turlach.2010,
author = {Hazelton, Martin L. and Turlach, Berwin a.},
journal = {Scandinavian Journal of Statistics},
month = mar,
number = {1},
pages = {91--108},
title = {{Semiparametric Density Deconvolution}},
volume = {37},
year = {2010}
}
@article{Haywood.Khmaladze.2008,
author = {Haywood, J and Khmaladze, E},
journal = {Journal of Econometrics},
month = mar,
number = {1},
pages = {5--18},
title = {{On distribution-free goodness-of-fit testing of exponentiality}},
volume = {143},
year = {2008}
}
@article{Wu.Govindaraju.2014,
author = {Wu, Haizhen and Govindaraju, Kondaswamy},
journal = {Computers \& Industrial Engineering},
month = jun,
pages = {239--246},
title = {{Computer-aided variables sampling inspection plans for compositional proportions and measurement error adjustment}},
volume = {72},
year = {2014}
}
